@InProceedings{networkx,
  author =       {Aric A. Hagberg and Daniel A. Schult and Pieter J. Swart},
  title =        {Exploring Network Structure, Dynamics, and Function using NetworkX},
  booktitle =   {Proceedings of the 7th Python in Science Conference},
  pages =     {11 - 15},
  address = {Pasadena, CA USA},
  year =      {2008},
  editor =    {Ga\"el Varoquaux and Travis Vaught and Jarrod Millman},
}

@Article{matplotlib,
  Author    = {Hunter, J. D.},
  Title     = {Matplotlib: A 2D graphics environment},
  Journal   = {Computing in Science \& Engineering},
  Volume    = {9},
  Number    = {3},
  Pages     = {90--95},
  abstract  = {Matplotlib is a 2D graphics package used for Python for
  application development, interactive scripting, and publication-quality
  image generation across user interfaces and operating systems.},
  publisher = {IEEE COMPUTER SOC},
  doi       = {10.1109/MCSE.2007.55},
  year      = 2007
}

@Article{spg,
 Author = {R. J. {Duffin}},
 Title = {{Topology of series-parallel networks.}},
 FJournal = {{Journal of Mathematical Analysis and Applications}},
 Journal = {{J. Math. Anal. Appl.}},
 ISSN = {0022-247X},
 Volume = {10},
 Pages = {303--318},
 Year = {1965},
 Publisher = {Elsevier, San Diego, CA},
 Language = {English},
 Zbl = {0128.37002}
}